@inproceedings{multivariate-explaining,
  title = {Tractable Explaining of Multivariate Decision Trees},
  author = {Carbonnel, Clément and Cooper, Martin C. and Marques-Silva, Joao},
  booktitle = {Proceedings of the 20th International Conference on Principles of Knowledge Representation and Reasoning},
  pages = {127--135},
  year = {2023},
  month = {Aug},
  doi = {10.24963/kr.2023/13},
  url = {https://doi.org/10.24963/kr.2023/13}
}

@inproceedings{blossom,
  title = {Blossom: an Anytime Algorithm for Computing Optimal Decision Trees},
  author = {Demirovi\'{c}, Emir and Hebrard, Emmanuel and Jean, Louis},
  booktitle = {Proceedings of the 40th International Conference on Machine Learning},
  pages = {7533--7562},
  year = {2023},
  editor = {Krause, Andreas and Brunskill, Emma and Cho, Kyunghyun and Engelhardt, Barbara and Sabato, Sivan and Scarlett, Jonathan},
  volume = {202},
  series = {Proceedings of Machine Learning Research},
  month = {23--29 Jul},
  publisher = {PMLR},
  pdf = {https://proceedings.mlr.press/v202/demirovic23a/demirovic23a.pdf},
  url = {https://proceedings.mlr.press/v202/demirovic23a.html}
}

@misc{murtree,
  title = {MurTree: Optimal Classification Trees via Dynamic Programming and Search}, 
  author = {Emir Demirović and Anna Lukina and Emmanuel Hebrard and Jeffrey Chan and James Bailey and Christopher Leckie and Kotagiri Ramamohanarao and Peter J. Stuckey},
  year = {2022},
  eprint = {2007.12652},
  archivePrefix = {arXiv},
  primaryClass = {cs.LG}
}
